@misc{luatex,   
    author = {{\TeX Wiki}},   
    title = {{LuaTeX-ja}},
    note = {Accessed on Oct. 18, 2023}, 
    url = {https://texwiki.texjp.org/?LuaTeX-ja},
    year = {2022}
}

@misc{biblatex,   
    author = {Philip Kime, and Moritz Wemheuer, and Philipp Lehman},   
    title = {{The biblatex Package}},
    note = {Accessed on Oct. 18, 2023}, 
    url = {https://mirrors.ibiblio.org/CTAN/macros/latex/contrib/biblatex/doc/biblatex.pdf},
    year = {2022}
}

@book{美文書作成入門,
    author = {{奥村晴彦, 黒木裕介}},
    title = {{［改定第9版］\LaTeXe 美文書作成入門}},
    publisher = {技術評論社},
    month = {Nov},
    year = {2023},
    url = {https://gihyo.jp/book/2023/978-4-297-13889-9}
}

@article{PhysRev.47.777,
  title = {{Can Quantum-Mechanical Description of Physical Reality Be Considered Complete?}},
  author = {Einstein, A. and Podolsky, B. and Rosen, N.},
  journal = {Phys. Rev.},
  volume = {47},
  issue = {10},
  pages = {777--780},
  numpages = {0},
  year = {1935},
  month = {May},
  publisher = {American Physical Society},
  doi = {10.1103/PhysRev.47.777},
  url = {https://link.aps.org/doi/10.1103/PhysRev.47.777}
}


@article{PhysicsPhysiqueFizika.1.195,
  title = {{On the Einstein Podolsky Rosen paradox}},
  author = {Bell, J. S.},
  journal = {Physics Physique Fizika},
  volume = {1},
  issue = {3},
  pages = {195--200},
  numpages = {6},
  year = {1964},
  month = {Nov},
  publisher = {American Physical Society},
  doi = {10.1103/PhysicsPhysiqueFizika.1.195},
  url = {https://link.aps.org/doi/10.1103/PhysicsPhysiqueFizika.1.195}
}

@misc{inkscape,
    author = {{Inkspape}},   
    title = {{Inkscape: Draw Freely}},
    note = {Accessed on Nov. 24, 2023}, 
    url = {https://inkscape.org/},
    year = {2022}
}

@misc{jieeetran,
    author = {{江尻 開}},
    title = {{電気学会/IEEE, 日英両対応bstファイル}},
    note = {{Accessed on Nov. 26, 2023}}, 
    url = {https://github.com/ehki/jIEEEtran},
    year = {2023}
}